<record><leader>00000cas a22000007a 4500</leader><controlfield tag="001">10449286</controlfield><controlfield tag="008">840223d18701917ctuwr ne      0    0eng d</controlfield><datafield ind1=" " ind2=" " tag="010"><subfield code="a">sn 84022512 </subfield></datafield><datafield ind1=" " ind2=" " tag="040"><subfield code="a">NPX</subfield><subfield code="b">eng</subfield><subfield code="c">NPX</subfield><subfield code="d">CNW</subfield><subfield code="d">OCLCQ</subfield><subfield code="d">OCLCO</subfield></datafield><datafield ind1="1" ind2=" " tag="029"><subfield code="a">AU@</subfield><subfield code="b">000020414689</subfield></datafield><datafield ind1=" " ind2=" " tag="042"><subfield code="a">msc</subfield></datafield><datafield ind1=" " ind2=" " tag="043"><subfield code="a">n-us-ct</subfield></datafield><datafield ind1="0" ind2=" " tag="130"><subfield code="a">Meriden weekly Republican (Meriden, Conn. : 1870)</subfield></datafield><datafield ind1="1" ind2="4" tag="245"><subfield code="a">The Meriden weekly Republican.</subfield></datafield><datafield ind1="1" ind2="3" tag="246"><subfield code="a">Weekly Republican</subfield><subfield code="f">Nov. 17, 1898-1917</subfield></datafield><datafield ind1="1" ind2="3" tag="246"><subfield code="a">Record-Republican</subfield><subfield code="f">Apr. 18, 1907-1917</subfield></datafield><datafield ind1="1" ind2="7" tag="246"><subfield code="a">Meriden morning record</subfield><subfield code="f">June 21, 1906-1917</subfield></datafield><datafield ind1=" " ind2=" " tag="260"><subfield code="a">West Meriden [Meriden], Conn. :</subfield><subfield code="b">[M.L. Delavan]</subfield></datafield><datafield ind1=" " ind2=" " tag="300"><subfield code="a">v.</subfield></datafield><datafield ind1=" " ind2=" " tag="310"><subfield code="a">Weekly</subfield></datafield><datafield ind1="1" ind2=" " tag="362"><subfield code="a">Began Dec. 3, 1870</subfield><subfield code="z">Cf. The Meriden daily Republican.</subfield></datafield><datafield ind1="0" ind2=" " tag="362"><subfield code="a">-v. 52, no. 34 (Aug. 23, 1917).</subfield></datafield><datafield ind1=" " ind2=" " tag="500"><subfield code="a">Published in opposition to: Meriden literary recorder; Meriden recorder; Riggs' Meriden literary recorder.</subfield></datafield><datafield ind1=" " ind2=" " tag="515"><subfield code="a">Issues for &lt;Jan. 8, 1876-Sept. 15, 1981&gt; also called: &lt;Whole no. 508-748&gt;.</subfield></datafield><datafield ind1=" " ind2=" " tag="530"><subfield code="a">Available on microfilm from UMI.</subfield></datafield><datafield ind1=" " ind2=" " tag="530"><subfield code="a">Also issued on microfilm from Connecticut State Library, Hartford, CT.</subfield></datafield><datafield ind1=" " ind2=" " tag="580"><subfield code="a">Daily [evening] eds: Meriden daily Republican, 1870-Oct. 26, 1898, and: Meriden Republican, Oct. 27, 1898-&lt;Feb. 24, 1899&gt;.</subfield></datafield><datafield ind1=" " ind2=" " tag="580"><subfield code="a">Morning eds.: Morning record (Meriden, Conn. : 1892), Oct. 8, 1892-Oct. 27, 1898, and: Meriden morning record (Meriden, Conn. : 1898), Oct. 28, 1898-Feb. 18, 1899, and: Meriden morning record and Republican, Mar. 1, 1899-July 22, 1901, and: Meriden morning record (Meriden, Conn. : 1901), July 23, 1901-1917.</subfield></datafield><datafield ind1=" " ind2=" " tag="588"><subfield code="a">Description based on: Vol. 9, no. 40 (Jan. 8, 1876).</subfield></datafield><datafield ind1="0" ind2="0" tag="630"><subfield code="a">Meriden recorder.</subfield></datafield><datafield ind1="0" ind2="0" tag="630"><subfield code="a">Meriden literary recorder.</subfield></datafield><datafield ind1="0" ind2="0" tag="630"><subfield code="a">Riggs' Meriden literary recorder.</subfield></datafield><datafield ind1=" " ind2="0" tag="651"><subfield code="a">Meriden (Conn.)</subfield><subfield code="v">Newspapers.</subfield></datafield><datafield ind1=" " ind2=" " tag="752"><subfield code="a">United States</subfield><subfield code="b">Connecticut</subfield><subfield code="c">New Haven</subfield><subfield code="d">Meriden.</subfield></datafield><datafield ind1="1" ind2=" " tag="775"><subfield code="t">Meriden daily Republican</subfield><subfield code="w">(DLC)sn 84022511</subfield><subfield code="w">(OCoLC)10449176</subfield></datafield><datafield ind1="1" ind2=" " tag="775"><subfield code="t">Meriden Republican</subfield><subfield code="w">(DLC)sn 92051274</subfield></datafield><datafield ind1="1" ind2=" " tag="775"><subfield code="t">Morning record (Meriden, Conn. : 1892)</subfield><subfield code="w">(DLC)sn 92051275</subfield></datafield><datafield ind1="1" ind2=" " tag="775"><subfield code="t">Meriden morning record (Meriden, Conn. : 1898)</subfield><subfield code="w">(DLC)sn 92051276</subfield></datafield><datafield ind1="1" ind2=" " tag="775"><subfield code="t">Meriden morning record and Republican</subfield><subfield code="w">(DLC)sn 92051277</subfield></datafield><datafield ind1="0" ind2="1" tag="780"><subfield code="t">State temperance journal (Meriden, Conn.)</subfield><subfield code="w">(DLC)sn 92051269</subfield></datafield><datafield ind1="0" ind2="4" tag="785"><subfield code="t">Meriden morning record (Meriden, Conn. : 1901)</subfield><subfield code="w">(DLC)sn 87062255</subfield></datafield></record>